

@book{"P1",
    author    = "Lili Su and Nitin H. Vaidya",
    title     = "{Fault-Tolerant Multi-Agent Optimization: Optimal Iterative Distributed Algorithms}",
    year      = "2016 Note=trash, 100 sec",
    publisher = "ACM Symposium on Principles of Distributed Computing",
    edition = "",
    address   = "ACM New York, NY, USA"
}

@book{"P2",
    author    = "Harald Homulle and Stefan Visser and Bishnu Patra and Giorgio Ferrari and Enrico Prati and Carmen G. Almudéver and Koen Bertels and Fabio Sebastiano and Edoardo Charbon",
    title     = "{CryoCMOS hardware technology a classical infrastructure for a scalable quantum computer}",
    year      = "2016 Note=trash, 120 sec",
    publisher = "ACM Symposium on Principles of Distributed Computing",
    edition = "",
    address   = "ACM New York, NY, USA"
}

@book{"P4",
    author    = "Saurabh Hukerikar and Rizwan A. Ashraf and Christian Engelmann",
    title     = "{Towards New Metrics for High-Performance Computing Resilience}",
    year      = "2017 Note=trash, 110 sec",
    publisher = "ACM Workshop on Fault-Tolerance for HPC at Extreme Scale",
    edition = "",
    address   = "ACM New York, NY, USA"
}

@book{"P5",
    author    = "Zachary W. Parchman and Geoffroy R. Vallee and Thomas Naughton and Christian Engelmann and David Bernholdt and Stephen L. Scott",
    title     = "{Adding Fault Tolerance to NPB Benchmarks Using ULFM}",
    year      = "2016 Note=trash, 90 sec",
    publisher = "ACM Workshop on Fault-Tolerance for HPC at Extreme Scale",
    edition = "",
    address   = "ACM New York, NY, USA"
}

@book{"P6",
    author    = "Rem Gensh and Alexander Romanovsky and Alex Yakovlev",
    title     = "{On structuring holistic fault tolerance}",
    year      = "2016 Note=trash, 100 sec",
    publisher = "ACM 15th International Conference on Modularity",
    edition = "",
    address   = "ACM New York, NY, USA"
}

@book{"P7",
    author    = "Dmitrii Kuvaiskii and Rasha Faqeh and Pramod Bhatotia and Pascal Felber and Christof Fetzer",
    title     = "{HAFT: hardware-assisted fault tolerance}",
    year      = "2016  Note=scan, 130 sec", 
    publisher = "EuroSys '16 Proceedings of the Eleventh European Conference on Computer Systems",
    edition = "",
    address   = "ACM New York, NY, USA"
}

@book{"P8",
    author    = "Klaus Echtle and Zoha Moztarzadeh",
    title     = "{Fault-tolerant clock synchronization in ring-networks}",
    year      = "2017  Note=trash, 80 sec", 
    publisher = "SAC '17 Proceedings of the Symposium on Applied Computing",
    edition = "",
    address   = "ACM New York, NY, USA"
}

@book{"P9",
    author    = "Merav Parter and David Peleg",
    title     = "{Sparse Fault-Tolerant BFS Structures}",
    year      = "2016 Note=trash, 130 sec", 
    publisher = "ACM Transactions on Algorithms (TALG) TALG Homepage archive",
    edition = "",
    address   = "ACM New York, NY, USA"
}

@book{"P10",
    author    = "Norman A. Rink and Jeronimo Castrillon",
    title     = "{Trading Fault Tolerance for Performance in AN Encoding}",
    year      = "2017 Note=trash, 190 sec", 
    publisher = "CF'17 Proceedings of the Computing Frontiers Conference",
    edition = "",
    address   = "ACM New York, NY, USA"
}

@book{"P11",
    author    = "Merav Parter and David Peleg",
    title     = "{Fault-Tolerant Approximate BFS Structures}",
    year      = "2018 Note=trash, 108 sec", 
    publisher = "ACM Transactions on Algorithms (TALG) TALG Homepage archive, Journal",
    edition = "",
    address   = "ACM New York, NY, USA"
}

@book{"P12",
    author    = "Masoud Saeida Ardekani and Rayman Preet Singh",
    title     = "{Rivulet: a fault-tolerant platform for smart-home applications}",
    year      = "2017 Note=trash, 100 sec", 
    publisher = "Middleware '17 Proceedings of the 18th ACM/IFIP/USENIX Middleware Conference",
    edition = "",
    address   = "ACM New York, NY, USA"
}

@book{"P13",
    author    = "Yotam Harchol and David Hay and Tal Orenstein",
    title     = "{FTvNF:fault tolerant virtual network functions}",
    year      = "2017 Note=trash, 90 sec", 
    publisher = "ANCS '18 Proceedings of the 2018 Symposium on Architectures for Networking and Communications Systems",
    edition = "",
    address   = "ACM New York, NY, USA"
}

@book{"P14",
    author    = "Ivan Perez",
    title     = "{Fault tolerant functional reactive programming (functional pearl)}",
    year      = "2018 Note=trash, 100 sec",
    publisher = "ACM on Programming Languages archive",
    edition = "",
    address   = "ACM New York, NY, USA"
}

@book{"P16",
    author    = "Sven Karol and Norman A. Rink and Bálint Gyapjas and Jeronimo Castrillon",
    title     = "{Fault tolerance with aspects- a feasibility study}",
    year      = "2016 Note=trash, 130 sec",
    publisher = "15th International Conference on Modularity",
    edition = "",
    address   = "ACM New York, NY, USA"
}

@book{"P17",
    author    = "Navonil Chatterjee and Suraj Paul and Santanu Chattopadhyay",
    title     = "{Fault-Tolerant Dynamic Task Mapping and Scheduling for Network-on-Chip-Based Multicore Platform}",
    year      = "2017 Note=trash, 110 sec", 
    publisher = "ACM Transactions on Embedded Computing Systems (TECS) - Special Issue on Secure and Fault-Tolerant Embedded Computing and Regular Papers TECS Homepage archive",
    edition = "",
    address   = "ACM New York, NY, USA"
}

@book{"P18",
    author    = "Subhash Bhagat and Krishnendu Mukhopadyaya",
    title     = "{Fault-tolerant Gathering of Semi-synchronous Robots}",
    year      = "2017 Note=trash, 90 sec", 
    publisher = "ACM Transactions on Embedded Computing Systems (TECS) - Special Issue on Secure and Fault-Tolerant Embedded Computing and Regular Papers TECS Homepage archive",
    edition = "",
    address   = "ACM New York, NY, USA"
}

@book{"P19",
    author    = "Gregory Chockler and Alexander Spiegelman",
    title     = "{Space Complexity of Fault-Tolerant Register Emulations}",
    year      = "2017 Note=trash, 110 sec",
    publisher = "PODC '17 Proceedings of the ACM Symposium on Principles of Distributed Computing",
    edition = "",
    address   = "ACM New York, NY, USA"
}

@book{"P22",
    author    = "Anne Benoit and Aurélien Cavelan and Franck Cappello and Padma Raghavan and Yves Robert and Hongyang Sun",
    title     = "{Identifying the Right Replication Level to Detect and Correct Silent Errors at Scale}",
    year      = "2017 Note=trash, 160 sec", 
    publisher = "FTXS '17 Proceedings of the 2017 Workshop on Fault-Tolerance for HPC at Extreme Scale",
    edition = "",
    address   = "ACM New York, NY, USA"
}

@book{"P23",
    author    = "Katherine Shu-Min Li and Sying-Jyan Wang",
    title     = "{Design Methodology of Fault-Tolerant Custom 3D Network-on-Chip}",
    year      = "2017 Note=trash, 100 sec",
    publisher = "ACM Transactions on Design Automation of Electronic Systems (TODAES) TODAES Homepage archive",
    edition = "",
    address   = "ACM New York, NY, USA"
}

@book{"P24",
    author    = "Luyuan Zeng and Pengcheng Huang and Lothar Thiele",
    title     = "{Towards the design of fault-tolerant mixed-criticality systems on multicores}",
    year      = "2016 Note=trash, 90 sec",
    publisher = "CASES '16 Proceedings of the International Conference on Compilers, Architectures and Synthesis for Embedded Systems",
    edition = "",
    address   = "ACM New York, NY, USA"
}

@book{"P25",
    author    = "Omer Subasi and Osman Unsal and Sriram Krishnamoorthy",
    title     = "{Automatic Risk-based Selective Redundancy for Fault-tolerant Task-parallel HPC Applications}",
    year      = "2017 Note=trash, 120 sec",
    publisher = "ESPM2'17 Proceedings of the Third International Workshop on Extreme Scale Programming Models and Middleware",
    edition = "",
    address   = "ACM New York, NY, USA"
}

@book{"P26",
    author    = "Jian Xu and Lu Zhang and Amirsaman Memaripour and Akshatha Gangadharaiah and Amit Borase and Tamires Brito Da Silva and Steven Swanson and Andy Rudoff",
    title     = "{NOVA-Fortis: A Fault-Tolerant Non-Volatile Main Memory File System}",
    year      = "2017 Note=scan, 110 sec",
    publisher = "SOSP '17 Proceedings of the 26th Symposium on Operating Systems Principles",
    edition = "",
    address   = "ACM New York, NY, USA"
}

@book{"P27",
    author    = "Anderson L. Sartor and Arthur F. Lorenzon and Sandip Kundu and Akshatha Gangadharaiah and Israel Koren and Antonio C. S. Beck",
    title     = "{Adaptive and polymorphic VLIW processor to optimize fault tolerance, energy consumption, and performance}",
    year      = "2018 Note=trash, 130 sec",
    publisher = "CF '18 Proceedings of the 15th ACM International Conference on Computing Frontiers",
    edition = "",
    address   = "ACM New York, NY, USA"
}

@book{"P28",
    author    = "Kaisheng Ma and Xueqing Li and Huichu Liu and Xiao Sheng and Yiqun Wang and Karthik Swaminathan and Yongpan Liu and Yuan Xie and John Sampson and Vijaykrishnan Narayanan",
    title     = "{Dynamic Power and Energy Management for Energy Harvesting Nonvolatile Processor Systems}",
    year      = "2017 Note=trash, 140 sec",
    publisher = "ACM Transactions on Embedded Computing Systems (TECS) - Special Issue on Secure and Fault-Tolerant Embedded Computing and Regular Papers TECS Homepage archive",
    edition = "",
    address   = "ACM New York, NY, USA"
}

@book{"P29",
    author    = "Anderson L. Sartor and Arthur F. Lorenzon and Luigi Carro and Fernanda Kastensmidt and Stephan Wong and Antonio C. S. Beck",
    title     = "{Exploiting Idle Hardware to Provide Low Overhead Fault Tolerance for VLIW Processors}",
    year      = "2017 Note=trash, 160 sec",
    publisher = "ACM Transactions on Embedded Computing Systems (TECS) - Special Issue on Secure and Fault-Tolerant Embedded Computing and Regular Papers TECS Homepage archive",
    edition = "",
    address   = "ACM New York, NY, USA"
}

@book{"P30",
    author    = "Rosario Cammarota and Rami Sheikh",
    title     = "{VPsec: countering fault attacks in general purpose microprocessors with value prediction}",
    year      = "2018 Note=trash, 180 sec",
    publisher = "CF '18 Proceedings of the 15th ACM International Conference on Computing Frontiers",
    edition = "",
    address   = "ACM New York, NY, USA"
}

@book{"P32",
    author    = "Lixue Xia and Mengyun Liu and Xuefei Ning and Krishnendu Chakrabarty and Yu Wang",
    title     = "{Fault-Tolerant Training with On-Line Fault Detection for RRAM-Based Neural Computing Systems}",
    year      = "2017 Note=trash, 140 sec",
    publisher = "DAC '17 Proceedings of the 54th Annual Design Automation Conference 2017",
    edition = "",
    address   = "ACM New York, NY, USA"
}

@book{"P33",
    author    = "Sebanjila K. Bukasa and Ronan Lashermes and Jean-Louis Lanet and Axel Leqay",
    title     = "{Let's shock our IoT's heart: ARMv7-M under (fault) attacks}",
    year      = "2018 Note=trash, 100 sec",
    publisher = "ARES 2018 Proceedings of the 13th International Conference on Availability, Reliability and Security",
    edition = "",
    address   = "ACM New York, NY, USA"
}

@book{"P34",
    author    = "Yixin Luo and Saugata Ghose and Erich F. Haratsch and Onur Mutlu",
    title     = "{Improving 3D NAND Flash Memory Lifetime by Tolerating Early Retention Loss and Process Variation}",
    year      = "2018 Note=scan, 180 sec",
    publisher = "SIGMETRICS '18 Abstracts of the 2018 ACM International Conference on Measurement and Modeling of Computer Systems",
    edition = "",
    address   = "ACM New York, NY, USA"
}

@book{"P35",
    author    = "Burak Hasircioglu and Yvonne-Anne Pignolet and Thanikesavan Sivanthi",
    title     = "{Transparent Fault Tolerance for Real-Time Automation Systems}",
    year      = "2018 Note=trash, 100 sec",
    publisher = "IoPARTS'18 Proceedings of the 1st International Workshop on Internet of People, Assistive Robots and Things",
    edition = "",
    address   = "ACM New York, NY, USA"
}

@book{"P36",
    author    = "Wei Liu and Zhigang Wei and Wei Du",
    title     = "{A Novel Fault-Tolerant Last-Level Cache to Improve Reliability at Near-Threshold Voltage}",
    year      = "2018 Note=trash, 130 sec",
    publisher = "GLSVLSI '18 Proceedings of the 2018 on Great Lakes Symposium on VLSI",
    edition = "",
    address   = "ACM New York, NY, USA"
}

@book{"P37",
    author    = "Julien Proy and Karine Heydemann and Alexandre Berzati and Albert Cohen",
    title     = "{Compiler-Assisted Loop Hardening Against Fault Attacks}",
    year      = "2017 Note=trash, 120 sec",
    publisher = "ACM Transactions on Architecture and Code Optimization (TACO) TACO Homepage archive",
    edition = "",
    address   = "ACM New York, NY, USA"
}

@book{"P38",
    author    = "Ganghee Lee and Ediz Cetin and Oliver Diessel",
    title     = "{Fault Recovery Time Analysis for Coarse-Grained Reconfigurable Architectures}",
    year      = "2018 Note=trash, 150 sec",
    publisher = "ACM Transactions on Embedded Computing Systems (TECS) - Special Issue on MEMCODE 2015 and Regular Papers (Diamonds) TECS Homepage archive",
    edition = "",
    address   = "ACM New York, NY, USA"
}

@book{"P39",
    author    = "Fernando Fernandes dos Santos and Paolo Rech",
    title     = "{ScalA '17 Proceedings of the 8th Workshop on Latest Advances in Scalable Algorithms for Large-Scale Systems}",
    year      = "2017 Note=trash, 100 sec",
    publisher = "ACM Transactions on Embedded Computing Systems (TECS) - Special Issue on MEMCODE 2015 and Regular Papers (Diamonds) TECS Homepage archive",
    edition = "",
    address   = "ACM New York, NY, USA"
}

@book{"P40",
    author    = "Jinho Han and Youngsu Kwon and Yong Cheol and Peter Cho and Hoi-Jun Yoo",
    title     = "{A 1GHz Fault Tolerant Processor with Dynamic Lockstep and Self-recovering Cache for ADAS SoC Complying with ISO26262 in Automotive Electronics}",
    year      = "2017 Note=scan, 170 sec",
    publisher = "IEEE Asian Solid-State Circuits Conference (A-SSCC)",
    edition = "",
    address   = "Seoul, South Korea"
}

@book{"P41",
    author    = "Jia Xu",
    title     = "{Handling Process Overruns and Underruns on Multiprocessors in a Fault-Tolerant Real-Time Embedded System}",
    year      = "2018 Note=trash, 100 sec",
    publisher = "2018 14th IEEE/ASME International Conference on Mechatronic and Embedded Systems and Applications (MESA)",
    edition = "",
    address   = "Oulu, Finland, Finland"
}

@book{"P42",
    author    = "Kiran Arora and Savina Bansal and Rakesh Kumar Bansal",
    title     = "{Energy Aware Fault Tolerant Fixed Priority Task Scheduling in Multiprocessor System}",
    year      = "2018 Note=trash, 90 sec",
    publisher = "IEEE 2018 8th International Conference on Cloud Computing, Data Science \& Engineering (Confluence)",
    edition = "",
    address   = "Noida, India, India"
}

@book{"P43",
    author    = "Yi Jin and Yuxiang Huan and Haoming Chu and Zhuo Zou and Lirong Zheng",
    title     = "{TMR Group Coding Method for Optimized SEU and MBU Tolerant Memory Design}",
    year      = "2018 Note=scan, 150 sec",
    publisher = "IEEE International Symposium on Circuits and Systems (ISCAS)",
    edition = "",
    address   = "Florence, Italy, Italy"
}

@book{"P44",
    author    = "Paulo R. C. Villa and Rodrigo Travessini and Fabian L. Vargas and Eduardo A. Bezerra
",
    title     = "{Processor checkpoint recovery for transient faults in critical applications}",
    year      = "2018 Note=scan, 170 sec",
    publisher = "IEEE 19th Latin-American Test Symposium (LATS)",
    edition = "",
    address   = "Sao Paulo, Brazil"
}

@book{"P45",
    author    = "Christian M. Fuchs and Todor P. Stefanov and Nadia M. Murillo and Aske Plaat",
    title     = "{Bringing Fault-Tolerant GigaHertz-Computing to Space: A Multi-stage Software-Side Fault-Tolerance Approach for Miniaturized Spacecraft}",
    year      = "2017 Note=trash, 110 sec",
    publisher = "IEEE 26th Asian Test Symposium (ATS)",
    edition = "",
    address   = "Taipei, Taiwan"
}

@book{"P46",
    author    = "ChristiaMohamed Mohamedin and Masoomeh Javidi Kishi and Roberto Palmieri",
    title     = "{Shield- A middleware to tolerate CPU transient faults in multicore architectures}",
    year      = "2017 Note=trash, 100 sec",
    publisher = "IEEE 16th International Symposium on Network Computing and Applications (NCA)",
    edition = "",
    address   = "Cambridge, MA, USA"
}

@book{"P47",
    author    = "Seyed Hamid Montazeri Hedesh and Mohammad Reza Zolghadri",
    title     = "{Open-circuit fault detection and localization in five-level active NPC converter}",
    year      = "2017 Note=trash, 90 sec",
    publisher = "IECON 2017 - 43rd Annual Conference of the IEEE Industrial Electronics Society",
    edition = "",
    address   = "Beijing, China"
}

@book{"P48",
    author    = "Yi-Ju Ke and Yi-Chieh Ghen and Jng-Jer Huang",
    title     = "{An integrated design environment of fault tolerant processors with flexible HW/SW solutions for versatile performance/cost/coverage tradeoffs}",
    year      = "2017 Note=scan, 190 sec",
    publisher = "International Test Conference in Asia (ITC-Asia)",
    edition = "",
    address   = "Taipei, Taiwan"
}

@book{"P49",
    author    = "Giuliano Losa and Antonio Barbalace and Yuzhong Wen and Ho-Ren Chuang and Binoy Ravindran",
    title     = "{Transparent Fault-Tolerance Using Intra-Machine Full-Software-Stack Replication on Commodity Multicore Hardware}",
    year      = "2017 Note=trash, 110 sec",
    publisher = "IEEE 37th International Conference on Distributed Computing Systems (ICDCS)",
    edition = "",
    address   = "Atlanta, GA, USA"
}

@book{"P50",
    author    = "Elio Strollo and Alessandro Trifiletti",
    title     = "{A fault-tolerant real-time microcontroller with multiprocessor architecture}",
    year      = "2016 Note=scan, 150 sec",
    publisher = "MIXDES - 23rd International Conference Mixed Design of Integrated Circuits and Systems",
    edition = "",
    address   = "Lodz, Poland"
}













